
% CIC
@article{bojarski2016end,
	title={End to end learning for self-driving cars},
	author={Bojarski, Mariusz and Del Testa, Davide and Dworakowski, Daniel and Firner, Bernhard and Flepp, Beat and Goyal, Prasoon and Jackel, Lawrence D and Monfort, Mathew and Muller, Urs and Zhang, Jiakai and others},
	journal={arXiv preprint arXiv:1604.07316},
	year={2016}
}

@article{bojarski2017explaining,
	title={Explaining how a deep neural network trained with end-to-end learning steers a car},
	author={Bojarski, Mariusz and Yeres, Philip and Choromanska, Anna and Choromanski, Krzysztof and Firner, Bernhard and Jackel, Lawrence and Muller, Urs},
	journal={arXiv preprint arXiv:1704.07911},
	year={2017}
}


@article{alexeev2018end,
	title={End to end learning for a driving simulator},
	author={Alexeev, VF and Staravoitau, AI and Piskun, GA and Likhacheuski, DV},
	journal={Reports of the Belarusian State University of Informatics and Radioelectronics},
	number={2 (112)},
	year={2018},
	publisher={Educational Institution Belarusian State University of Informatics and Radioelectronics}
}

@inproceedings{tian2018deeptest,
	title={Deeptest: Automated testing of deep-neural-network-driven autonomous cars},
	author={Tian, Yuchi and Pei, Kexin and Jana, Suman and Ray, Baishakhi},
	booktitle={Proceedings of the 40th International Conference on Software Engineering},
	pages={303--314},
	year={2018},
	organization={ACM}
}

@article{hassan2018convolutional,
	title={Convolutional Recurrent Deep Learning Model for Sentence Classification},
	author={Hassan, Abdalraouf and Mahmood, Ausif},
	journal={IEEE Access},
	volume={6},
	pages={13949--13957},
	year={2018},
	publisher={IEEE}
}

@inproceedings{pinheiro2014recurrent,
	title={Recurrent convolutional neural networks for scene labeling},
	author={Pinheiro, Pedro HO and Collobert, Ronan},
	booktitle={31st International Conference on Machine Learning (ICML)},
	number={EPFL-CONF-199822},
	year={2014}
}


@book{bianchi2017recurrent,
	title={Recurrent Neural Networks for Short-Term Load Forecasting: An Overview and Comparative Analysis},
	author={Bianchi, Filippo Maria and Maiorino, Enrico and Kampffmeyer, Michael C and Rizzi, Antonello and Jenssen, Robert},
	year={2017},
	publisher={Springer}
}

@inproceedings{baccouche2010action,
	title={Action classification in soccer videos with long short-term memory recurrent neural networks},
	author={Baccouche, Moez and Mamalet, Franck and Wolf, Christian and Garcia, Christophe and Baskurt, Atilla},
	booktitle={International Conference on Artificial Neural Networks},
	pages={154--159},
	year={2010},
	organization={Springer}
}

@article{haapala2017recurrent,
	title={Recurrent neural networks for object detection in video sequences},
	author={Haapala, Joonas and others},
	year={2017}
}

@article{bonet2007redes,
	title={Redes neuronales recurrentes para el an{\'a}lisis de secuencias},
	author={Bonet Cruz, Isis and Salazar Mart{\'\i}nez, Sain and Rodr{\'\i}guez Abed, Abdel and Grau {\'A}balo, Ricardo and Garc{\'\i}a Lorenzo, Maria Matilde},
	journal={Revista Cubana de Ciencias Inform{\'a}ticas},
	volume={1},
	number={4},
	year={2007},
	publisher={Universidad de las Ciencias Inform{\'a}ticas}
}

@article{hochreiter1997long,
	title={Long short-term memory},
	author={Hochreiter, Sepp and Schmidhuber, J{\"u}rgen},
	journal={Neural computation},
	volume={9},
	number={8},
	pages={1735--1780},
	year={1997},
	publisher={MIT Press}
}


@book{pattanayak2017pro,
	title={Pro Deep Learning with TensorFlow},
	author={Pattanayak, Santanu and Pattanayak and John, Suresh},
	year={2017},
	publisher={Springer}
}

@book{spiegel1991estadistica,
	title={Estad{\'\i}stica},
	author={Spiegel, Murray R},
	year={1991},
	publisher={McGraw-Hill Interamericana,}
}

